
@techreport{bryan2017,
	title = {Excuse me, do you have a moment to talk about version control?},
	author = {{Bryan}, {Jennifer}},
	year = {2017},
	month = {08},
	date = {2017-08-28},
	doi = {10.7287/peerj.preprints.3159v2},
	url = {https://peerj.com/preprints/3159v2},
	note = {DOI: 10.7287/peerj.preprints.3159v2},
	langid = {en}
}

@misc{case2018,
	title = {How To Remember Anything Forever-ish},
	author = {{Case}, {Nicky}},
	year = {2018},
	month = {10},
	date = {2018-10},
	url = {https://ncase.me/remember/},
	langid = {en}
}

@article{krugman1991,
	title = {Increasing Returns and Economic Geography},
	author = {{Krugman}, {Paul}},
	year = {1991},
	date = {1991},
	journal = {Journal of Political Economy},
	pages = {483--499},
	volume = {99},
	number = {3},
	doi = {10.1086/261763}
}

@book{krugman1991a,
	title = {Geography and trade},
	author = {{Krugman}, {Paul R.}},
	year = {1991},
	date = {1991},
	publisher = {Leuven University Press ; MIT Press},
	series = {Gaston Eyskens lecture series},
	address = {Leuven, Belgium : Cambridge, Mass}
}

@book{mccloskey2019,
	title = {Economical writing: thirty-five rules for clear and persuasive prose},
	author = {{McCloskey}, {Deirdre N.} and {Ziliak}, {Stephen Thomas}},
	year = {2019},
	date = {2019},
	publisher = {The University of Chicago Press},
	series = {Chicago guides to writing, editing, and publishing},
	edition = {Third edition},
	address = {Chicago ; London}
}

@book{ahrens2017,
	title = {How to Take Smart Notes: One Simple Technique to Boost Writing, Learning and Thinking {\textendash} for Students, Academics and Nonfiction Book Writers},
	author = {{Ahrens}, {SÃ¶nke}},
	year = {2017},
	date = {2017}
}
