
@article{kaufman2022,
	title = {Adaptive Fuzzy String Matching: How to Merge Datasets with Only One (Messy) Identifying Field},
	author = {Kaufman, Aaron R. and Klevs, Aja},
	year = {2022},
	month = {10},
	date = {2022-10},
	journal = {Political Analysis},
	pages = {590--596},
	volume = {30},
	number = {4},
	doi = {10.1017/pan.2021.38},
	url = {https://www.cambridge.org/core/product/identifier/S1047198721000383/type/journal_article},
	langid = {en}
}

@article{jaro1989,
	title = {Advances in Record-Linkage Methodology as Applied to Matching the 1985 Census of Tampa, Florida},
	author = {Jaro, Matthew A.},
	year = {1989},
	month = {06},
	date = {1989-06-01},
	journal = {Journal of the American Statistical Association},
	pages = {414--420},
	volume = {84},
	number = {406},
	doi = {10.1080/01621459.1989.10478785},
	url = {https://www.tandfonline.com/doi/abs/10.1080/01621459.1989.10478785},
	note = {Publisher: Taylor & Francis
{\_}eprint: https://www.tandfonline.com/doi/pdf/10.1080/01621459.1989.10478785}
}

@article{enamoradoUsingProbabilisticModel2018,
	title = {Using a Probabilistic Model to Assist Merging of Large-Scale Administrative Records},
	author = {Enamorado, Ted and Fifield, Benjamin and Imai, Kosuke},
	year = {2018},
	date = {2018},
	journal = {American Political Science Review},
	pages = {1--19},
	doi = {10.1017/s0003055418000783}
}

@article{spirlingWhyOpensourceGenerative2023,
	title = {Why open-source generative AI models are an ethical way forward for science},
	author = {Spirling, Arthur},
	year = {2023},
	month = {04},
	date = {2023-04-18},
	journal = {Nature},
	pages = {413--413},
	volume = {616},
	number = {7957},
	doi = {10.1038/d41586-023-01295-4},
	url = {https://www.nature.com/articles/d41586-023-01295-4},
	note = {Bandiera{\_}abtest: a
Cg{\_}type: World View
Number: 7957
Publisher: Nature Publishing Group
Subject{\_}term: Ethics, Machine learning, Technology, Scientific community},
	langid = {en}
}

@article{abi-hassanIdeologiesOrganizedInterests2023,
	title = {The Ideologies of Organized Interests and Amicus Curiae Briefs: Large-Scale, Social Network Imputation of Ideal Points},
	author = {Abi-Hassan, Sahar and Box-Steffensmeier, Janet M. and Christenson, Dino P. and Kaufman, Aaron R. and Libgober, Brian},
	year = {2023},
	month = {07},
	date = {2023-07},
	journal = {Political Analysis},
	pages = {396--413},
	volume = {31},
	number = {3},
	doi = {10.1017/pan.2022.34},
	url = {https://www.cambridge.org/core/journals/political-analysis/article/ideologies-of-organized-interests-and-amicus-curiae-briefs-largescale-social-network-imputation-of-ideal-points/6AA46C0A62578BAE48E36A9438AE1A01#article},
	langid = {en}
}

@article{vaswaniAttentionAllYou2017,
	title = {Attention Is All You Need},
	author = {Vaswani, Ashish and Shazeer, Noam and Parmar, Niki and Uszkoreit, Jakob and Jones, Llion and Gomez, Aidan N. and Kaiser, Lukasz and Polosukhin, Illia},
	year = {2017},
	month = {12},
	date = {2017-12-05},
	journal = {arXiv:1706.03762 [cs]},
	url = {http://arxiv.org/abs/1706.03762},
	note = {arXiv: 1706.03762},
	langid = {en}
}

@article{bonicaMappingIdeologicalMarketplace2014,
	title = {Mapping the Ideological Marketplace},
	author = {Bonica, Adam},
	year = {2014},
	date = {2014},
	journal = {American Journal of Political Science},
	pages = {367--386},
	volume = {58},
	number = {2},
	doi = {10.1111/ajps.12062}
}

@article{enamoradoUsingProbabilisticModel2019,
	title = {Using a Probabilistic Model to Assist Merging of Large-Scale Administrative Records},
	author = {Enamorado, Ted and Fifield, Benjamin and Imai, Kosuke},
	year = {2019},
	month = {05},
	date = {2019-05},
	journal = {American Political Science Review},
	pages = {353--371},
	volume = {113},
	number = {2},
	doi = {10.1017/S0003055418000783},
	url = {https://www.cambridge.org/core/journals/american-political-science-review/article/abs/using-a-probabilistic-model-to-assist-merging-of-largescale-administrative-records/DB2955F64A1F4E262C5B9B26C6D7552E},
	langid = {en}
}

@article{enamoradoActiveLearningProbabilistic2018,
	title = {Active Learning for Probabilistic Record Linkage},
	author = {Enamorado, Ted},
	year = {2018},
	date = {2018},
	journal = {SSRN Electronic Journal},
	doi = {10.2139/ssrn.3257638},
	url = {https://www.ssrn.com/abstract=3257638},
	langid = {en}
}

@article{bosleyImprovingProbabilisticModels2022,
	title = {Improving Probabilistic Models in Text Classification via Active Learning},
	author = {Bosley, Mitchell and Kuzushima, Saki and Enamorado, Ted and Shiraito, Yuki},
	langid = {en},
	date = {2022}
}
