
@techreport{bryan2017,
	title = {Excuse me, do you have a moment to talk about version control?},
	author = {{Bryan}, {Jennifer}},
	year = {2017},
	month = {08},
	date = {2017-08-28},
	doi = {10.7287/peerj.preprints.3159v2},
	url = {https://peerj.com/preprints/3159v2},
	note = {DOI: 10.7287/peerj.preprints.3159v2},
	langid = {en}
}
