
@book{grimmerTextDataNew2021,
	title = {Text As Data: a new framework for machine learning and the social sciences.},
	author = {Grimmer, Justin and Stewart, Brandon M. and Roberts, Margaret E.},
	year = {2021},
	date = {2021},
	publisher = {Princeton University Press},
	note = {OCLC: 1246624235},
	address = {S.l.},
	langid = {English}
}
